% Bibtex file

@article{sinclair2013asynchronous,
  title={Asynchronous food-web pathways could buffer the response of Serengeti predators to El Ni{\~n}o Southern Oscillation},
  author={Sinclair, ARE and Metzger, Kristine L and Fryxell, John M and Packer, Craig and Byrom, Andrea E and Craft, Meggan E and Hampson, Katie and Lembo, Tiziana and Durant, Sarah M and Forrester, Guy J and others},
  journal={Ecology},
  volume={94},
  number={5},
  pages={1123--1130},
  year={2013},
  publisher={Wiley Online Library}
}

@article{gonzalez2009causes,
  title={The Causes and Consequences of Compensatory Dynamics in Ecological Communities},
  author={Gonzalez, Andrew and Loreau, Michel},
  journal={Annu. Rev. Ecol. Evol. Syst},
  volume={40},
  pages={393--414},
  year={2009}
}

@article{gouhier_synchrony_2014,
        title = {Synchrony: quantifying variability in space and time},
        volume = {5},
        issn = {2041210X},
        shorttitle = {Synchrony},
        url = {http://doi.wiley.com/10.1111/2041-210X.12188},
        doi = {10.1111/2041-210X.12188},
        language = {en},
        number = {6},
        urldate = {2017-03-16},
        journal = {Methods in Ecology and Evolution},
        author = {Gouhier, Tarik C. and Guichard, Frederic},
        editor = {Dray, Stephane},
        month = jun,
        year = {2014},
        pages = {524--533}
}

@article{purves_fine-scale_2002,
        title = {Fine-scale spatial structure in a grassland community: quantifying the plant{'}s-eye view},
        volume = {90},
        issn = {1365-2745},
        shorttitle = {Fine-scale spatial structure in a grassland community},
        url = {https://besjournals.onlinelibrary.wiley.com/doi/abs/10.1046/j.0022-0477.2001.00652.x},
        doi = {10.1046/j.0022-0477.2001.00652.x},
        language = {en},
        number = {1},
        urldate = {2018-05-16},
        journal = {Journal of Ecology},
        author = {Purves, D. W. and Law, R.},
        month = feb,
        year = {2002},
        pages = {121--129}
}

@article{keitt_coherent_2008,
        title = {Coherent ecological dynamics induced by large-scale disturbance},
        volume = {454},
        issn = {0028-0836, 1476-4687},
        url = {http://www.nature.com/doifinder/10.1038/nature06935},
        doi = {10.1038/nature06935},
        number = {7202},
        urldate = {2017-09-29},
        journal = {Nature},
        author = {Keitt, Timothy H.},
        month = jul,
        year = {2008},
        pages = {331--334}
}

@article{gross2013species,
  title={Species richness and the temporal stability of biomass production: a new analysis of recent biodiversity experiments},
  author={Gross, Kevin and Cardinale, Bradley J and Fox, Jeremy W and Gonzalez, Andrew and Loreau, Michel and Wayne Polley, H and Reich, Peter B and van Ruijven, Jasper},
  journal={The American Naturalist},
  volume={183},
  number={1},
  pages={1--12},
  year={2013},
  publisher={University of Chicago Press Chicago, IL}
}

@article{loreau_species_2008,
        title = {Species {Synchrony} and {Its} {Drivers}: {Neutral} and {Nonneutral} {Community} {Dynamics} in {Fluctuating} {Environments}},
        volume = {172},
        issn = {0003-0147, 1537-5323},
        shorttitle = {Species {Synchrony} and {Its} {Drivers}},
        url = {http://www.journals.uchicago.edu/doi/10.1086/589746},
        doi = {10.1086/589746},
        language = {en},
        number = {2},
        urldate = {2017-03-16},
        journal = {The American Naturalist},
        author = {Loreau, Michel and de Mazancourt, Claire},
        month = aug,
        year = {2008},
        pages = {E48--E66}
}


@article{bluthgen_land_2016,
	title = {Land use imperils plant and animal community stability through changes in asynchrony rather than diversity},
	volume = {7},
	issn = {2041-1723},
	url = {http://www.nature.com/doifinder/10.1038/ncomms10697},
	doi = {10.1038/ncomms10697},
	language = {en},
	urldate = {2018-05-17},
	journal = {Nature Communications},
	author = {Bl\"{u}thgen, Nico and Simons, Nadja K. and Jung, Kirsten and Prati, Daniel and Renner, Swen C. and Boch, Steffen and Fischer, Markus and H\"{o}lzel, Norbert and Klaus, Valentin H. and Kleinebecker, Till and Tschapka, Marco and Weisser, Wolfgang W. and Gossner, Martin M.},
	month = feb,
	year = {2016},
	pages = {10697},
}


@article{hallett_codyn_2016,
        title = {codyn: {An} r package of community dynamics metrics},
        volume = {7},
        issn = {2041-210X},
        shorttitle = {codyn},
        url = {http://besjournals.onlinelibrary.wiley.com/doi/abs/10.1111/2041-210X.12569},
        doi = {10.1111/2041-210X.12569},
        language = {en},
        number = {10},
        urldate = {2018-05-17},
        journal = {Methods in Ecology and Evolution},
        author = {Hallett, Lauren M. and Jones, Sydney K. and MacDonald, A. Andrew M. and Jones, Matthew B. and Flynn, Dan F. B. and Ripplinger, Julie and Slaughter, Peter and Gries, Corinna and Collins, Scott L.},
        month = oct,
        year = {2016},
        pages = {1146--1151}
}
@article{ranta_detecting_2008,
        title = {Detecting compensatory dynamics in competitive communities under environmental forcing},
        volume = {117},
        issn = {00301299, 16000706},
        url = {http://doi.wiley.com/10.1111/j.1600-0706.2008.16614.x},
        doi = {10.1111/j.1600-0706.2008.16614.x},
        language = {en},
        number = {12},
        urldate = {2017-03-14},
        journal = {Oikos},
        author = {Ranta, Esa and Kaitala, Veijo and Fowler, Mike S. and Laakso, Jouni and Ruokolainen, Lasse and O'Hara, Robert},
        month = dec,
        year = {2008},
        pages = {1907--1911},
}

@article{vasseur_synchronous_2014,
	title = {Synchronous dynamics of zooplankton competitors prevail in temperate lake ecosystems},
	volume = {281},
	issn = {0962-8452, 1471-2954},
	url = {http://rspb.royalsocietypublishing.org/cgi/doi/10.1098/rspb.2014.0633},
	doi = {10.1098/rspb.2014.0633},
	language = {en},
	number = {1788},
	urldate = {2016-01-14},
	journal = {Proceedings of the Royal Society B: Biological Sciences},
	author = {Vasseur, D. A. and Fox, J. W. and Gonzalez, A. and Adrian, R. and Beisner, B. E. and Helmus, M. R. and Johnson, C. and Kratina, P. and Kremer, C. and de Mazancourt, C. and Miller, E. and Nelson, W. A. and Paterson, M. and Rusak, J. A. and Shurin, J. B. and Steiner, C. F.},
	month = jun,
	year = {2014},
	pages = {20140633--20140633},
}

@article{houlahan_compensatory_2007,
	title = {Compensatory dynamics are rare in natural ecological communities},
	volume = {104},
	url = {http://www.pnas.org/content/104/9/3273.short},
	number = {9},
	urldate = {2017-03-14},
	journal = {Proceedings of the National Academy of Sciences},
	author = {Houlahan, J. E. and Currie, D. J. and Cottenie, K. and Cumming, G. S. and Ernest, SK Morgan and Findlay, C. S. and Fuhlendorf, S. D. and Gaedke, U. and Legendre, P. and Magnuson, J. J. and {others}},
	year = {2007},
	pages = {3273--3277},
}
