% Bibtex file

@article{gouhier_synchrony_2014,
	title = {Synchrony: quantifying variability in space and time},
	volume = {5},
	issn = {2041210X},
	shorttitle = {Synchrony},
	url = {http://doi.wiley.com/10.1111/2041-210X.12188},
	doi = {10.1111/2041-210X.12188},
	language = {en},
	number = {6},
	urldate = {2017-03-16},
	journal = {Methods in Ecology and Evolution},
	author = {Gouhier, Tarik C. and Guichard, Frederic},
	editor = {Dray, Stephane},
	month = jun,
	year = {2014},
	keywords = {Unknown, Fred, Model, Synchrony, R cran},
	pages = {524--533},
	file = {mee312188.pdf:/home/cpicoche/.mozilla/firefox/atrsbomk.default/zotero/storage/XASNAGV5/mee312188.pdf:application/pdf}
}

@article{loreau_species_2008,
	title = {Species {Synchrony} and {Its} {Drivers}: {Neutral} and {Nonneutral} {Community} {Dynamics} in {Fluctuating} {Environments}},
	volume = {172},
	issn = {0003-0147, 1537-5323},
	shorttitle = {Species {Synchrony} and {Its} {Drivers}},
	url = {http://www.journals.uchicago.edu/doi/10.1086/589746},
	doi = {10.1086/589746},
	language = {en},
	number = {2},
	urldate = {2017-03-16},
	journal = {The American Naturalist},
	author = {Loreau, Michel and de Mazancourt, Claire},
	month = aug,
	year = {2008},
	keywords = {Unknown, Fred, Model, Synchrony, Neutral theory},
	pages = {E48--E66},
	file = {589746.pdf:/home/cpicoche/.mozilla/firefox/atrsbomk.default/zotero/storage/3S6AQ3T6/589746.pdf:application/pdf}
}

@article{purves_fine-scale_2002,
	title = {Fine-scale spatial structure in a grassland community: quantifying the plantâ€™s-eye view},
	volume = {90},
	issn = {1365-2745},
	shorttitle = {Fine-scale spatial structure in a grassland community},
	url = {https://besjournals.onlinelibrary.wiley.com/doi/abs/10.1046/j.0022-0477.2001.00652.x},
	doi = {10.1046/j.0022-0477.2001.00652.x},
	language = {en},
	number = {1},
	urldate = {2018-05-16},
	journal = {Journal of Ecology},
	author = {Purves, D. W. and Law, R.},
	month = feb,
	year = {2002},
	keywords = {Unknown, Synchrony, Birds, Plants},
	pages = {121--129},
	file = {Full Text PDF:/home/cpicoche/.mozilla/firefox/atrsbomk.default/zotero/storage/MYUSS4ID/Purves and Law - 2002 - Fine-scale spatial structure in a grassland commun.pdf:application/pdf;Snapshot:/home/cpicoche/.mozilla/firefox/atrsbomk.default/zotero/storage/4Z6HE3IA/j.0022-0477.2001.00652.html:text/html}
}

@article{keitt_coherent_2008,
	title = {Coherent ecological dynamics induced by large-scale disturbance},
	volume = {454},
	issn = {0028-0836, 1476-4687},
	url = {http://www.nature.com/doifinder/10.1038/nature06935},
	doi = {10.1038/nature06935},
	number = {7202},
	urldate = {2017-09-29},
	journal = {Nature},
	author = {Keitt, Timothy H.},
	month = jul,
	year = {2008},
	keywords = {Unknown, Lake, Synchrony, Compensation, Zooplankton, Wavelet analysis},
	pages = {331--334},
	file = {keitt2008.pdf:/home/cpicoche/.mozilla/firefox/atrsbomk.default/zotero/storage/ZZSGVIAG/keitt2008.pdf:application/pdf;nature06935-s1.pdf:/home/cpicoche/.mozilla/firefox/atrsbomk.default/zotero/storage/6W79NAXH/nature06935-s1.pdf:application/pdf}
}
