@article{schreiber_surrogate_2000,
	title = {Surrogate time series},
	volume = {142},
	number = {3},
	journal = {Physica D: Nonlinear Phenomena},
	author = {Schreiber, Thomas and Schmitz, Andreas},
	year = {2000},
	pages = {346--382},
}

@article{ebisuzaki_method_1997,
	title = {A method to estimate the statistical signifiance of a correlation when the data are serially correlated},
	volume = {10},
	journal = {JOURNAL OF CLIMATE},
	author = {Ebisuzaki, Wesley},
	year = {1997},
	pages = {7},
}

@article{gouhier_synchrony:_2014,
	title = {Synchrony: quantifying variability in space and time},
	volume = {5},
	number = {6},
	journal = {Methods in Ecology and Evolution},
	author = {Gouhier, Tarik C. and Guichard, Frederic},
	year = {2014},
	pages = {524--533},
}

@article{detto_multivariate_2013,
	title = {Multivariate conditional Granger causality analysis for lagged response of soil respiration in a temperate forest},
	volume = {15},
	number = {10},
	journal = {Entropy},
	author = {Detto, Matteo and Bohrer, Gil and Nietz, Jenifer and Maurer, Kyle and Vogel, Chris and Gough, Chris and Curtis, Peter},
	year = {2013},
	pages = {4266--4284},
}

@article{schreiber_improved_1996,
	title = {Improved {Surrogate} {Data} for {Nonlinearity} {Tests}},
	volume = {77},
	number = {4},
	journal = {Phys. Rev. Lett.},
	author = {Schreiber, Thomas and Schmitz, Andreas},
	year = {1996},
	pages = {635--638},
}

@misc{ye_hao_2018_1935847,
  author       = {Ye, Hao and
                  Clark, Adam and
                  Deyle, Ethan and
                  Munch, Steve and
                  Cai, Jun and
                  Cowles, Jane and
                  Daon, Yair and
                  Edwards, Andrew and
                  Keyes, Oliver and
                  Stagge, James and
                  Ushio, Masayuki and
                  White, Ethan and
                  Sugihara, George},
  title        = {{rEDM: Applications of Empirical Dynamic Modeling
                   from Time Series}},
  month        = dec,
  year         = 2018,
  doi          = {10.5281/zenodo.1935847},
  url          = {https://doi.org/10.5281/zenodo.1935847}
}
