@article{gross2013species,
  title={Species richness and the temporal stability of biomass production: a new analysis of recent biodiversity experiments},
  author={Gross, Kevin and Cardinale, Bradley J and Fox, Jeremy W and Gonzalez, Andrew and Loreau, Michel and Wayne Polley, H and Reich, Peter B and van Ruijven, Jasper},
  journal={The American Naturalist},
  volume={183},
  number={1},
  pages={1--12},
  year={2013},
  publisher={University of Chicago Press Chicago, IL}
}

@misc{amrhein2019scientists,
  title={Scientists rise up against statistical significance},
  author={Amrhein, Valentin and Greenland, Sander and McShane, Blake},
  year={2019},
  publisher={Nature Publishing Group},
  journal={Nature}
}

@article{loreau_species_2008,
        title = {Species {Synchrony} and {Its} {Drivers}: {Neutral} and {Nonneutral} {Community} {Dynamics} in {Fluctuating} {Environments}},
        volume = {172},
        issn = {0003-0147, 1537-5323},
        shorttitle = {Species {Synchrony} and {Its} {Drivers}},
        url = {http://www.journals.uchicago.edu/doi/10.1086/589746},
        doi = {10.1086/589746},
        language = {en},
        number = {2},
        urldate = {2017-03-16},
        journal = {The American Naturalist},
        author = {Loreau, Michel and de Mazancourt, Claire},
        month = aug,
        year = {2008},
        pages = {E48--E66}
}

